<?xml version="1.0" encoding="UTF-8"?><collection xmlns="http://www.loc.gov/MARC21/slim"><record><leader>00392nam--2200133-i-4500</leader><controlfield tag="001">000002352</controlfield><controlfield tag="002">20161230</controlfield><controlfield tag="005">20161230201025</controlfield><controlfield tag="008">060222s1000------------r-----000-0-eng-d</controlfield><datafield ind1=" " ind2=" " tag="245"><subfield code="a">Theory of graphs and its applications. proceedings</subfield></datafield><datafield ind1=" " ind2=" " tag="260"><subfield code="a">Prague, The Czechoslovak Academy Of Sciences, 1964. 234 P</subfield></datafield><datafield ind1=" " ind2=" " tag="700"><subfield code="a">Fiedler, Miroslav</subfield></datafield><datafield ind1=" " ind2=" " tag="852"><subfield code="a">22176</subfield><subfield code="c">517.11</subfield></datafield><datafield ind1=" " ind2=" " tag="CAT"><subfield code="a">Sys</subfield><subfield code="c">20080715</subfield><subfield code="h">123555</subfield></datafield></record></collection>